@techreport{en50160,
  author      = {Electrosuisse},
  institution = {Norme Suisse},
  title       = {Caractéristiques de la tension fournie par les réseaux publics d'électricité},
  year        = {2022}
}
